% Bibliography of key references for "LaTeX for Thesis and Large Documents"
% For use with BibTeX

@article{collier,
    author  = "Geoff Collier, Harry Piccariello, Robby Robson",
    title   = "A digital rights management ecosystem model for the education community",
    year    = "2004",
    journal = "DRM Whitepapers: Content Guard"
}

@article{pucella2006,
  author    = {Riccardo Pucella and
               Vicky Weissman},
  title     = {A Formal Foundation for {ODRL}},
  journal   = {CoRR},
  year      = {2006},
  volume    = {abs/cs/0601085},
  url       = {http://arxiv.org/abs/cs/0601085},
  timestamp = {Sat, 06 Sep 2014 21:51:03 +0200},
  biburl    = {http://dblp.uni-trier.de/rec/bib/journals/corr/abs-cs-0601085},
  bibsource = {dblp computer science bibliography, http://dblp.org}
}